@article{Benson00,
  author =	 {Benson, D. A. and Karsch-Mizrachi, I. and Lipman,
                  D. J. and Ostell, J. and Rapp, B. A. and Wheeler,
                  D. L.},
  title =	 {GenBank},
  journal =	 {Nucleic Acids Research},
  volume =	 28,
  pages =	 {15--18},
  year =	 2000,
  annote =	 {Leo: Viite GenBank-tietokannasta}
}

@book{Devroye96,
  author =	 {Devroye, L. and Gy\"orfi, L. and Lugosi, G.},
  title =	 {A Probabilistic Theory of Pattern Recognition},
  publisher =	 {Springer},
  year =	 {1996}
}

@article{Hardison97,
  author =	 {R.C. Hardison and J. Oeltjen and W. Miller},
  title =	 {Long human-mouse sequence alignments reveal novel
                  regulatory elements: a reason to sequence the mouse
                  genome},
  journal =	 {Genome Res.},
  volume =	 7,
  pages =	 {959--966},
  year =	 1997
}

@book{Haykin99,
  author =	 {S. Haykin},
  title =	 {Neural Networks, a Comprehensive Foundation},
  publisher =	 {Prentice Hall},
  address =	 {New Jersey},
  year =	 1999,
  edition =	 {Second}
}

@InCollection{Kaski01adv,
  author =	 {Kaski, S.},
  title =	 {SOM-based exploratory analysis of gene expression
                  data},
  series =	 {Advances in Self-Organizing Maps},
  editors =	 {Allinson, N. and Yin, H. and Slack, J.},
  pages =	 {124--131},
  publisher =	 {Springer},
  address =	 {London},
  year =	 2001
}

@article{Kaski02bi,
  author =	 {Kaski, S. and Nikkil{\"a}, J. and Oja, M. and Venna,
                  J. and T{\"o}r{\"o}nen, P. and Castr{\´e}n, E. },
  title =	 {Computational visualization of gene functional
                  similarity},
  journal =	 {Bioinformatics},
  volume =	 1,
  number =	 1,
  pages =	 {1--9},
  year =	 2002
}

@book{Kohonen97,
  author =	 {Kohonen, Teuvo},
  title =	 {Self-Organizing Maps},
  publisher =	 {Springer-Verlag},
  address =	 {Berlin},
  year =	 1997,
  edition =	 {Second}
}

@article{Koop95,
  author =	 {B.F. Koop},
  title =	 {Human and rodent DNA sequence comparisons: A mosaic
                  model of genomic evolution},
  journal =	 {Trends Genet.},
  volume =	 11,
  pages =	 {367--371},
  year =	 1995
}


@InCollection{Kruskal78,
  author =	 {Kruskal, J. B. and Wish, M.},
  title =	 {Multidimensional scaling},
  series =	 {Sage University Paper series on Quantitative
                  Applications in the Social Sciences},
  number =	 {07-011},
  publisher =	 {Sage Publications},
  address =	 {Newbury Park, CA},
  year =	 1978
}

@article{Lockhart96,
  author =	 {Lockhart, D. J. and Dong, H. and Byrne, M. C. and
                  Follettie, M. T. and Gallo, M. V. and Chee,
                  M. S. and Mittmann, M. and Wang, C. and Kobayashi,
                  M. and Horton, H. and Brown, E. L.},
  title =	 {Expression monitoring by hybridization to
                  high-density oligonucleotide arrays},
  journal =	 {Nature Biotechnology},
  volume =	 14,
  pages =	 {1675--1680},
  year =	 1996
}

@article{Miki01,
  author =	 {Miki, R. and Kadota, K. and Hidemasa, B. and Mizuno,
                  Y. and Tomaru, Y. and Carninci, P. and Itoh, M. and
                  Shibata, K. and Kawai, J. and Konno, H. and others},
  title =	 {Delineating developmental and metabolic pathways in
                  vivo by expression profiling using the RIKEN set of
                  18,816 full-length enriched mouse cDNA arrays},
  journal =	 {Proceedings of the National Academy of Sciences of
                  the USA},
  volume =	 98,
  number =	 5,
  pages =	 {2199--2204},
  month =	 feb,
  year =	 2001
}

@article{Monni02,
  author =	 {Monni, O. and Hautaniemi, S. and Kallioniemi, O.},
  title =	 {Geenisirutekniikka ja siihen liittyvä
                  bioinformatiikka},
  journal =	 {Duodecim},
  volume =	 118,
  pages =	 {1157--1166},
  year =	 2002,
  note =	 {(In Finnish)}
}

@article{Pruitt03,
  author =	 {K.D. Pruitt and T. Tatusova and D.R. Maglott},
  title =	 {{NCBI} reference sequence project: update and
                  current status},
  journal =	 {Nucleic Acids Research},
  volume =	 31,
  pages =	 {34--37},
  year =	 2003
}

@article{Sammon69,
  author =	 {Sammon, Jr., J. W.},
  title =	 {A nonlinear mapping for data structure analysis},
  journal =	 {IEEE Transactions on Computers},
  volume =	 18,
  pages =	 {401--409},
  year =	 1969
}

@article{Sandberg00,
  author =	 {Sandberg, R. and Yasuda, R.},
  title =	 {From the Cover: Regional and strain-specific gene
                  expression mapping in the adult mouse brain},
  journal =	 {Proceedings of the National Academy of Sciences of
                  the USA},
  volume =	 97,
  pages =	 {11038--11043},
  year =	 2000
}

@InCollection{Ultsch93,
  author =	 {Ultsch, A.},
  title =	 {Self-organizing neural networks for visualization
                  and classification},
  booktitle =	 {Information and classification},
  editor =	 {Opitz, O. and Lausen, B. and Klar, R.},
  year =	 {1993},
  publisher =	 {Springer},
  address =	 {Berlin},
  pages =	 {307--313}
}


@article{Velculescu95,
  author =	 {Velculescu, V. E. and Zhang, L. and Vogelstein,
                  B. and Kinzler, K. W.},
  title =	 {Serial analysis of gene expression},
  journal =	 {Science},
  volume =	 270,
  pages =	 {484--487},
  year =	 1995,
  annote =	 {Leo: SAGE-mikrosirutekniikan esittelypaperi,
                  ilmeisesti eka.}
}

@InCollection{Venna01,
  author =	 {Venna, J. and Kaski, S.},
  title =	 {Neighborhood preservation in nonlinear projection
                  methods: An experimental study.},
  booktitle =	 {Artificial Neural Networks - ICANN},
  editor =	 {G. Dorffner, H. Bischof and K. Hornik},
  year =	 2001,
  publisher =	 {Springer},
  address =	 {Berlin},
  pages =	 {485--491}
}

@article{Wheeler03,
  author =	 {D.L. Wheeler and D.M. Church and S. Federhen and
                  A.E. Lash and T.L. Madden and J.U.Pontius and
                  G.D. Schuler and L.M. Schrimi and E. Sequeira and
                  T.A. Tatusova and L. Wagner},
  title =	 {Database resources of the National Center for
                  Biotechnology},
  journal =	 {Nucleic Acids Research},
  volume =	 31,
  number =	 1,
  pages =	 {28--33},
  year =	 2003
}

@article{Zhang00,
  author =	 {Zhang, Z. and Schwartz, S. and Wagner, L. and
                  Miller, W.},
  title =	 {A greedy algorithm for aligning DNA sequences.},
  journal =	 {Journal of Computational Biology},
  volume =	 7,
  pages =	 {203--214},
  year =	 2000
}