

@Book{Bentham1789,
author = {Jeremy Bentham},
ALTeditor = {},
title = {An Introduction to the Principles of Morals and Legislation},
publisher = {T.Payne},
year = {1789},
OPTkey = {},
OPTvolume = {},
OPTnumber = {},
OPTseries = {},
address = {London},
OPTedition = {},
OPTmonth = {},
OPTnote = {},
OPTannote = {}
}


@Book{Rentto02,
author = {Tuomas Akvinolainen},
ALTeditor = {},
title = {Summa theologiae},
publisher = {Gaudeamus},
year = {2002},
OPTkey = {},
OPTvolume = {},
OPTnumber = {},
OPTseries = {},
address = {Helsinki},
OPTedition = {},
OPTmonth = {},
note = {Valikoiden suomentanut J.-P. Rentto},
OPTannote = {}
}

@Book{AkvinolainenSummaTheologica,
author = {Tuomas Akvinolainen},
ALTeditor = {},
title = {Summa theologiae},
publisher = {},
year = {},
OPTkey = {},
OPTvolume = {},
OPTnumber = {},
OPTseries = {},
OPTaddress = {},
OPTedition = {},
OPTmonth = {},
OPTnote = {},
OPTannote = {}
}

@Article{Dreier96,
author = {James Dreier},
title = {Expressivist embeddings and minimalist truth},
journal = {Philosophical Studies},
year = {1996},
OPTkey = {},
volume = {83},
OPTnumber = {},
pages = {29--51},
OPTmonth = {},
OPTnote = {},
OPTannote = {}
}


@InBook{Boghossian06,
author = {Paul Boghossian},
ALTeditor = {P. Greenough and M. Lynch},
title = {Truth and realism},
chapter = {What is relativism?},
publisher = {Oxford University Press},
year = {2006},
OPTkey = {},
OPTvolume = {},
OPTnumber = {},
OPTseries = {},
OPTtype = {},
OPTaddress = {},
OPTedition = {},
OPTmonth = {},
pages = {},
OPTnote = {},
OPTannote = {}
}


@Article{Buchanan89,
author = {Allen E. Buchanan},
title = {Assessing the communitarian critique of liberalism},
journal = {Ethics},
year = {1989},
OPTkey = {},
volume = {99},
OPTnumber = {},
pages = {877},
OPTmonth = {},
OPTnote = {},
OPTannote = {}
}


@InBook{Nagel79,
author = {Thomas Nagel},
ALTeditor = {},
title = {Mortal Questions},
publisher = {Cambridge University Press},
year = {1979},
OPTkey = {},
OPTvolume = {},
OPTnumber = {},
OPTseries = {},
OPTtype = {},
OPTaddress = {},
OPTedition = {},
OPTmonth = {},
pages = {129--131},
OPTnote = {},
OPTannote = {Luettelee pluralismin riippumattomia perusarvoja}
}

@Book{Bhaskar98,
editor = {Roy Bhaskar},
title = {The Possibility of Naturalism: A Philosophical Critique of the Contemporary Human Sciences},
publisher = {Routledge},
year = {1998},
}

@Book{LaFollette00,
editor = {Hugh LaFollette},
title = {The {Blackwell} guide to ethical theory},
publisher = {Blackwell publishers ltd.},
year = {2000},
}

@Book{Bok02,
author = {Sissela Bok},
ALTeditor = {},
title = {Common values},
publisher = {University of Missouri Press},
year = {2002},
OPTkey = {},
OPTvolume = {},
OPTnumber = {},
OPTseries = {},
address = {Columbia, Missouri 65201},
OPTedition = {},
OPTmonth = {},
OPTnote = {},
OPTannote = {}
}


@Book{Hampshire89,
author = {Stuart Hampshire},
ALTeditor = {},
title = {Innocence and experience},
publisher = {Harvard University Press},
year = {1989},
OPTkey = {},
OPTvolume = {},
OPTnumber = {},
OPTseries = {},
address = {Cambridge, Massachusetts},
OPTedition = {},
OPTmonth = {},
OPTnote = {},
OPTannote = {}
}

@Book{Hampshire83,
author = {Stuart Hampshire},
ALTeditor = {},
title = {Morality and conflict},
publisher = {Basil Blackwell},
year = {1983},
OPTkey = {},
OPTvolume = {},
OPTnumber = {},
OPTseries = {},
address = {Oxford, England},
OPTedition = {},
OPTmonth = {},
OPTnote = {},
OPTannote = {}
}

@Book{Wong84,
author = {David B. Wong},
ALTeditor = {},
title = {Moral relativity},
publisher = {University of {California} press},
year = {1984},
OPTkey = {},
OPTvolume = {},
OPTnumber = {},
OPTseries = {},
address = {London, England},
OPTedition = {},
OPTmonth = {},
OPTnote = {},
OPTannote = {}
}

@Book{Gowans87,
ALTauthor = {},
editor = {Christopher W. Gowans},
title = {Moral dilemmas},
publisher = {Oxford University Press},
year = {1987},
OPTkey = {},
OPTvolume = {},
OPTnumber = {},
OPTseries = {},
address = {New York},
OPTedition = {},
OPTmonth = {},
OPTnote = {},
OPTannote = {}
}

@InBook{Nagel87,
author = {Thomas Nagel},
OPTeditor = {Christopher W. Gowans},
title = {Moral dilemmas},
OPTchapter = {Fragmentation of value},
publisher = {Oxford University Press},
year = {1987},
OPTkey = {},
OPTvolume = {},
OPTnumber = {},
OPTseries = {},
OPTtype = {},
OPTaddress = {},
OPTedition = {},
OPTmonth = {},
pages = {174},
OPTnote = {},
OPTannote = {}
}

@InBook{Wong95,
author = {David B. Wong},
OPTeditor = {Peter A. French and Theodore E. {Uehling, Jr.} and Howard K. Wettstein},
title = {Midwest studies in philosophy},
OPTchapter = {Pluralistic relativism},
publisher = {University of Notre Dame Press},
year = {1995},
OPTkey = {},
volume = {XX:Moral concepts},
OPTseries = {},
OPTtype = {},
address = {Notre Dame, IN 46556},
OPTedition = {},
OPTmonth = {},
pages = {378--399},
OPTnote = {},
OPTannote = {}
}

@Book{Kant1788,
author = {Immanuel Kant},
title = {Kritik der Praktischen Vernunft},
year = {1788}
}

@InCollection{Foot02,
author = {Philippa Foot},
title = {Moral Arguments},
booktitle = {Virtues and Vices and Other Essays in Moral Philosophy},
OPTcrossref = {},
OPTkey = {},
pages = {96-109},
publisher = {Basil Blackwell},
year = {1978},
OPTeditor = {},
OPTvolume = {},
OPTnumber = {},
OPTseries = {},
OPTtype = {},
OPTchapter = {},
address = {Oxford},
OPTedition = {},
OPTmonth = {},
OPTnote = {},
OPTannote = {}
}


@Book{Williams85,
author = {Bernard Williams},
ALTeditor = {},
title = {Ethics and the Limits of Philosophy},
publisher = {Harvard University Press},
year = {1985},
OPTkey = {},
OPTvolume = {},
OPTnumber = {},
OPTseries = {},
address = {Cambridge MA},
OPTedition = {},
OPTmonth = {},
OPTnote = {},
OPTannote = {}
}


@Book{Berlin98,
author = {Isaiah Berlin},
OPTeditor = {H. Hardy and R. Hausheer},
title = {The Proper Study of Mankind: An Anthology of Essays.},
publisher = {Random House},
year = {1998},
OPTkey = {},
OPTvolume = {},
OPTnumber = {},
OPTseries = {},
OPTaddress = {UK},
OPTedition = {},
OPTmonth = {},
OPTnote = {},
OPTannote = {}
}
