@article{Benson00,
  author =	 {Benson, D.A. and Karsch-Mizrachi, I. and Lipman,
                  D.J. and Ostell, J. and Rapp, B.A. and Wheeler,
                  D.L.},
  title =	 {GenBank},
  journal =	 {Nucleic Acids Research},
  volume =	 28,
  pages =	 {15--18},
  year =	 2000,
  annote =	 {Leo: Viite GenBank-tietokannasta}
}

@Book{Campbell01,
  author =	 {N.A. Campbell and J.B. Reece and L.G. Mitchell},
  title = 	 {Biology},
  publisher = 	 {Benjamin/Cummings},
  year = 	 2001,
  note =	 {Sixth edition}
}

@Article{Chu98,
  author = 	 {S. Chu and J. DeRisi and M. Eisen and J. Mulholland
                  and D. Botstein and P.O. Brown and L. Herskowitz},
  title = 	 {The transcriptional program of sporulation in
                  budding yeast},
  journal = 	 {Science},
  year = 	 1998,
  volume =	 282,
  pages =	 {699-705}
}


@Article{DeRisi97,
  author =	 {J.L. DeRisi and Vishwanath R. Iyer and P.O. Brown},
  title =	 {Exploring the metabolic and genetic control of gene
                  expression on a genomic scale},
  journal =	 {Science},
  year =	 1997,
  volume =	 278,
  pages =	 {680-686},
  annote =	 {Janne: Hiivan kaikkien geenien ekspressiota
                  katsottiin microarray-tekniikalla ilmeisesti
                  ensimmäistä kertaa, metabolian vaihtuessa käymisestä
                  hengitykseksi (dioxic shift). Funktioltaan
                  tuntemattomien geenien ekspressioprofiilia voidaan
                  verrata tunnettuihin ja näin arvailla niiden osaa
                  funktionaalisessa kokonaisuudessa (eräänlainen
                  klusterointi). Geenien luokittelua ei tehdä
                  ekshaustiivisesti ja esimerkit perustuvat kaiketi
                  visuaaliseen luokitteluun tai aikasarjojen
                  korrelaatioihin. 6400 geeniä, aikasarjoissa sampling
                  n. 1/tunti n. 21 tunnin ajan. Kokonais-n:ksi
                  sanotaan yli 43000. Vain 710 geenin ekspressio
                  indusoitu yli kaksinkertaiseksi, ja 1030 geenin
                  putosi alle kaksinkertaiseksi. Lopussa kerrotaan
                  hieman resursseista joita työ vei (aika labrassa
                  etc.). Tämä lienee meidän kannalta klassikkopaperi
                  mittauspuolelta. Ei algoritmeja.\\ Sami: Tästä
                  löytyy ground truthia SOM-visualisointimenetelmien
                  validointiin.}
}

@book{Devroye96,
  author={Devroye, L. and Gy\"orfi, L. and Lugosi, G.},
  title={A Probabilistic Theory of Pattern Recognition},
  publisher={Springer},
  year={1996}
}

@Article{Doolittle97,
  author =	 {Doolittle, R.F.},
  title =	 {Microbial genomes opened up},
  journal =	 {Nature},
  year =	 1997,
  volume =	 392,
  pages =	 {339--342},
  note =	 {(news feature)},
  annote =	 {LL: This and Lander96 are apparently the first
                  articles where comparative analysis of genomes and
                  also some other related research topics are
                  seriously proposed.}
}

@Article{Dragichi02,
  author = 	 {S. Dragichi},
  title = 	 {Statistical
Intelligence: effective analysis of high-density microarray data},
  journal = 	 {DDT},
  year = 	 {2002},
  volume = 	 {7},
  number = 	 {11},
  pages = 	 {55-63},
  note =         {Suppl.}  
}

@Article{Eisen98,
  author =	 {M.B. Eisen and P.T. Spellman and P.O. Brown and
                  D. Botstein},
  title =	 {Cluster analysis and display of genome-wide
                  expression patterns},
  journal =	 {Proceedings of the National Academy of Sciences,
                  USA},
  year =	 1998,
  volume =	 95,
  pages =	 {14863-14868},
  annote =	 {Petri: Kun on tutkittu miten samaa tehtävää
                  suorittavat proteiinit klusteroituvat suhteessa
                  toisiinsa on havaittu että tehtävä ja
                  funktionaalinen luokka korreloivat keskenään
                  voimakkaasti. Linkki proteiiniluokkien ja
                  ekspressioanalyysin välillä.\\ Sami: Peruspaperi
                  ekspressioanalyysistä. Hierarkkinen klusterointi.}
}

@book{Haykin99,
  author={Haykin, S.},
  title={Neural Networks, a Comprehensive Foundation},
  publisher={Prentice Hall},
  address={New Jersey},
  year={1999},
  edition={Second}
}

@article{Hotelling33,
  author={Hotelling, H.},
  title={Analysis of a complex of statistical variables into principal components},
  journal={Journal of Educational Psychology},
  volume=24,
  pages={441},
  year=1933
}

@InCollection{Kaski01adv,
  author =	 {Kaski, S.},
  title =	 {SOM-based exploratory analysis of gene expression data},
  series = 	 {Advances in Self-Organizing Maps},
  editors =      {Allinson, N. and Yin, H. and Slack, J.},
  pages =        {124--131},
  publisher =    {Springer},
  address = 	 {London},
  year =	 {2001}
}


@article{Kaski02bi,
  author={Kaski, S. and Nikkil{\"a}, J. and Oja, M. and Venna, J. and T{\"o}r{\"o}nen, P. and Castr{\´e}n, E. },
  title={Computational visualization of gene functional similarity},
  journal={Bioinformatics},
  volume=1,
  number=1,
  pages={1--9},
  year=2002
}

@Article{Kohonen82,
  author =	 "T. Kohonen",
  title =	 "Self-Organized Formation of Topologically Correct
                  Feature Maps",
  journal =	 "Biological Cybernetics",
  year =	 "1982",
  volume =	 "43",
  pages =	 "59-69",
  annote =	 "The most thorough description of the principles of
                  self-organizing maps algorithm."
}

@Book{Kohonen95,
  author =	 "T. Kohonen",
  title =	 "Self-Organizing Maps",
  publisher =	 "Springer",
  year =	 2001,
  address =	 "Berlin",
  note =	 "Third edition"
}

@book{Kohonen97,
  author={Kohonen, T.},
  title={Self-Organizing Maps},
  publisher={Springer-Verlag},
  address={Berlin},
  year={1997},
  edition={Second}
}

@InCollection{Kruskal78,
  author =	 {Kruskal, J. B. and Wish, M.},
  title =	 {Multidimensional scaling},
  series = 	 {Sage University Paper series on Quantitative Applications in the Social Sciences},
  number =       {07-011},
  publisher =    {Sage Publications},
  address = 	 {Newbury Park, CA},
  year =	 {1978}
}

@Article{Lander96,
  author =	 {E.S. Lander},
  title =	 {The New Genomics: Global Views of Biology},
  journal =	 {Science},
  year =	 1996,
  volume =	 274,
  pages =	 {536--539},
  note =	 {(news feature)},
  annote =	 {LL: This and Doolittle97 are apparently the first
                  articles where comparative analysis of genomes and
                  also some other related research topics are
                  seriously proposed.}
}

@Article{Lander01,
  author =	 {E.S. {Lander et al.}},
  title =	 {Initial sequencing and analysis of the human genome},
  journal =	 {Nature},
  year =	 2001,
  volume =	 409,
  pages =	 {860-921}
}

@Article{Lipshutz99,
  author =	 {Lipshutz, R.J. and S.P.A. Fodor and T.R. Gingeras and D.J. Lockhart},
  title =	 {High density synthetic oligonucleotide arrays},
  journal =	 {Nature Genetics},
  year =	 1999,
  volume =	 21,
  pages =	 {20--24},
  note =         {Chipping Forecast '99, supplement.}
}

@article{Lockhart96,
  author={Lockhart, D.J. and Dong, H. and Byrne, M.C. and Follettie, M.T. and Gallo, M.V. and Chee, M.S. and Mittmann, M. and Wang, C. and Kobayashi, M. and Horton, H. and Brown, E.L.},
  title={Expression monitoring by hybridization to high-density oligonucleotide arrays},
  journal={Nature Biotechnology},
  volume=14,
  pages={1675--1680},
  month=dec,
  year=1996
}

@Article{Lockhart00,
  author =	 {D.J. Lockhart and E.A. Winzeler},
  title =	 {Genomics, gene expression and {DNA} arrays},
  journal =	 {Nature},
  year =	 2000,
  volume =	 405,
  pages =	 {827-836},
  month =	 {June},
  annote =	 {JN: Review, jossa on 'guilt-by-association'-method,
                  johon bioinformatics-DC-arttikelin referee
                  viittasi. Kyse on k-meansista, josta jälkikäteen
                  katsotaan klusterista funktionaalisten luokkien
                  jakauma ja ennustetaan tuntetmattomalle geenille
                  funktion sen perusteella.}
}

@article{Miki01,
  author={Miki, R. and Kadota, K. and Hidemasa, B. and Mizuno, Y. and Tomaru, Y. and Carninci, P. and Itoh, M. and Shibata, K. and Kawai, J. and Konno, H. and others},
  title={Delineating developmental and metabolic pathways in vivo by expression profiling using the RIKEN set of 18,816 full-length enriched mouse cDNA arrays},
  journal={Proceedings of the National Academy of Sciences of the USA},
  volume=98,
  number=5,
  pages={2199--2204},
  month=feb,
  year=2001
}

@article{Monni02,
  author={Monni, O. and Hautaniemi, S. and Kallioniemi, O.},
  title={Geenisirutekniikka ja siihen liittyvä bioinformatiikka},
  journal={Duodecim},
  volume=118,
  pages={1157--1166},
  year=2002
}

@Article{Nikkila02nn,
  author =	 {J. Nikkil\"{a} and P. T\"{o}r\"{o}nen and
                  S. Kaski and J. Venna and E. Castr\'{e}n
                  and G. Wong},
  title =	 {Analysis and visualization of gene expression data
                  using Self-Organizing Maps},
  journal =	 {Neural Networks, Special issue on New Developments
                  on Self-Organizing Maps},
  year =	 {2002},
  note =	 {In press},
}

@MastersThesis{Oja02c,
  author =	 {M. Oja},
  title =	 {Gene expression data mining using self-organizing
                  maps and learning metrics},
  school =	 {Helsinki University of Technology},
  year =	 {2002},
  note =	 {(in Finnish)},
}

@Article{Pearson1901,
  author =	 {Pearson, K.},
  title =	 {On Lines and Planes of Closest Fit to Systems of Points in Space},
  journal =	 {The London, Edinburgh and Dublin Philosophical Magazine and Journal of Science},
  year =	 1901,
  volume =	 2,
  pages =	 {572}
}


@Article{Pruitt01,
  author =	 {K.D. Pruitt and D.R. Maglott},
  title =	 {RefSeq and LocusLink: NCBI gene-centered resources},
  journal =	 {Nucleic Acids Research},
  year =	 2001,
  volume =	 29,
  pages =	 {137-141}
}

@Book{Rudin76,
  author =	 {W. Rudin},
  title =	 {Principles of mathematical analysis},
  publisher =	 {Mc-Graw-Hill},
  year =	 1976,
  address =	 {Singapore},
  note =	 {Third Ed.}
}

@article{Sammon69,
  author={Sammon, Jr., J. W.},
  title={A nonlinear mapping for data structure analysis},
  journal={IEEE Transactions on Computers},
  volume=18,
  pages={401--409},
  year=1969
}

@article{Sandberg00,
  author={Sandberg, R. and Yasuda, R.},
  title={From the Cover: Regional and strain-specific gene expression mapping in the adult mouse brain},
  journal={Proceedings of the National Academy of Sciences of the USA},
  volume=97,
  pages={11038--11043},
  year=2000
}

@Article{Schena95,
  author = 	 {M. Schena and D. Shalon and R.W. Davis and P.O. Brown},
  title = 	 {Quantitative monitoring of gene expression patterns with a complementary dna microarray},
  journal = 	 {Science},
  year = 	 1995,
  volume = 	 270,
  pages = 	 {467-470},
  annote = 	 {JN: Ilmeisesti ensimmäinen microarray-paperi. Perusviite siis.}
}

@Article{Su02,
  author =	 {A.I. Su and M.P. Cooke and K.A. Ching and Y. Hakak
                  and J.R. Walker and T. Wiltshire and A.P. Orth and
                  R.G. Vega and L.M. Sapinoso and A. Moqrich and
                  A. Patapoutian and G.M. Hampton and P.G. Schultz
                  and J.B. Hogenesch},
  title =	 {Large-scale analysis of the human and mouse
                  transcriptomes},
  journal =	 {PNAS},
  year =	 2002,
  volume =	 99,
  pages =	 {4465-4470},
  annote =	 {SK: We have the data from this paper}
}

@Article{Tamayo99,
  author = 	 {P. Tamayo and D. Slonim and J. Mesirov and
                  Q. Zhu and S. Kitareewan and E. Dmitrowsky 
                  and E.S. Lander and T.R. Golub},
  title = 	 {Interpreting patterns of gene expression with
                  self-organizing maps: Methods and application to
                  hematopoietic differentiation},
  journal = 	 {Proceedings of the National Academy of Sciences, USA},
  year = 	 1999,
  volume =	 96,
  pages =	 {2907-2912}
}

@Book{Theodoridis99,
  author = 	 {S. Theodoridis and K. Koutroumbas},
  title = 	 {Pattern Recognition},
  publisher = 	 {Academic Press},
  year = 	 {1999}
}

@Article{Toronen99,
  author = 	 {P. T{\"o}r{\"o}nen and M. Kolehmainen and
                  G. Wong and E. Castr{\'e}n},
  title = 	 {Analysis of gene expression data using
                  self-organizing maps},
  journal = 	 {FEBS Letters},
  year = 	 1999,
  volume =	 451,
  pages =	 {142-146}
}

@InCollection{Ultsch90,
  author =	 {Ultsch, A. and Siemon, H.P.},
  title =	 {Kohonen's Self-Organizing Feature Maps for Exploratory Data Analysis},
  booktitle =	 {Proceedings of the International Neural Network Conference},
  year =	 1990,
  publisher =    {Kluwer Academic Press},
  address = 	 {Dordrecht},
  pages = {305--308}
}


@article{Velculescu95,
  author={Velculescu, V. E. and Zhang, L. and Vogelstein, B. and Kinzler, K. W.},
  title={Serial analysis of gene expression},
  journal={Science},
  volume=270,
  pages={484--487},
  year=1995,
  annote={Leo: SAGE-mikrosirutekniikan esittelypaperi, ilmeisesti eka.}
}

@InCollection{Venna01,
  author =	 {Venna, J. and Kaski, S.},
  title =	 {Neighborhood preservation in nonlinear projection methods: An experimental study.},
  booktitle =	 {Artificial Neural Networks - ICANN},
  editor = 	 {G. Dorffner, H. Bischof and K. Hornik},
  year =	 {2001},
  publisher =    {Springer},
  address = 	 {Berlin},
  pages =        {485--491}
}

@article{Zhang00,
  author={Zhang, Z. and Schwartz, S. and Wagner, L. and Miller, W.},
  title={A greedy algorithm for aligning DNA sequences.},
  journal={Journal of Computational Biology},
  volume=7,
  pages={203--214},
  year=2000
}



